@inproceedings{salehi2018coordinate,
  title={Coordinate descent with bandit sampling},
  author={Salehi, Farnood and Thiran, Patrick and Celis, Elisa},
  booktitle={Advances in Neural Information Processing Systems},
  pages={9247--9257},
  year={2018}
}

@article{wei2018more,
  title={More adaptive algorithms for adversarial bandits},
  author={Wei, Chen-Yu and Luo, Haipeng},
  journal={arXiv preprint arXiv:1801.03265},
  year={2018}
}

@article{bubeck2019improved,
  title={Improved path-length regret bounds for bandits},
  author={Bubeck, S{\'e}bastien and Li, Yuanzhi and Luo, Haipeng and Wei, Chen-Yu},
  journal={arXiv preprint arXiv:1901.10604},
  year={2019}
}
@inproceedings{namkoong2017adaptive,
  title={Adaptive sampling probabilities for non-smooth optimization},
  author={Namkoong, Hongseok and Sinha, Aman and Yadlowsky, Steve and Duchi, John C},
  booktitle={Proceedings of the 34th International Conference on Machine Learning-Volume 70},
  pages={2574--2583},
  year={2017},
  organization={JMLR. org}
}